@unpublished{GaudeckerEconProjectTemplates,
	Author = {Hans-Martin von Gaudecker},
	Note = {\url{https://doi.org/10.5281/zenodo.2533241}},
	Title = {Templates for Reproducible Research Projects in Economics},
	Year = {2019}}

@article{thistlethwaite_campbell,
	author = {Thistlethwaite, D. L. and Campbell, D. T.},
	title = {Regression-Discontinuity Analysis: An Alternative to the Ex-Post Facto Experiment},
	journal = {Journal of Educational Psychology},
	year = 1960,
	number = 6,
	pages = {309-317},
	volume = 51
}

@techreport{lee_2001,
	title = {The Electoral Advantage to Incumbency and Voters' Valuation of Politicians' Experience: A Regression Discontinuity Analysis of Elections to the U.S. House},
	author = {Lee, D. S. },
	institution = {National Bureau of Economic Research},
	type = {Working Paper},
	series = {Working Paper Series},
	number = 8441,
	year = 2001,
}

@article{lee_2007,
	title = {Randomized experiments from non-random selection in U.S. House elections},
	journal = {Journal of Econometrics},
	volume = 142,
	number = 2,
	pages = {675 - 697},
	year = 2008,
	note = {The regression discontinuity design: Theory and applications},
	author = {Lee, D. S.},
}

@article{angrist_lavy,
	title = {Using Maimonides' Rule to Estimate the Effect of Class Size on Scholastic Achievement},
	author = {Angrist, J.D. and Lavy, V.},
	journal = {The Quarterly Journal of Economics},
	volume = 114,
	number = 2,
	page = {533-575},
	year = 1999,
}

@article{rubin,
	author = {Rubin, D. B.},
	title = {Estimating Causal Effects of Treatments in Randomized and Nonrandomized Studies},
	journal = {Journal of Educational Psychology},
	year = 1974,
	pages = {688-701},
	volume = 66,
}

@article{hahn_et_al,
	author  = {Hahn, J. and Todd, P. and van der Klaauw, W.},
	title   = {Identification and Estimation of Treatment Effects with a Regression-Discontinuity Design},
	journal = {Econometrica},
	year    = 2001,
	number  = 1,
	pages   = {201-209},
	volume  = 69,
}
